@BOOK{book:ogata,
	AUTHOR    = {Ogata, Katsuhiko},
	PUBLISHER = {Pearson},
	DATE      = {2009},
	TITLE     = {Modern Control Engineering},
}

@BOOK{book:dorf,
	AUTHOR    = {Dorf, Richard C. and Bishop, Robert H.},
	PUBLISHER = {Pearson},
	DATE      = {2010},
	TITLE     = {Modern Control Systems},
}

@ARTICLE{article:nishikawa,
	AUTHOR       = {Nishikawa, Yoshikazu and Sannomiya, Nobuo and Ohta, Tokuji and Tanaka, Haruki},
	DATE         = {1984},
	JOURNALTITLE = {Automatica},
	NUMBER       = {3},
	PAGES        = {321--332},
	TITLE        = {A Method for Auto-tuning of PID Control Parameters},
	VOLUME       = {20},
}

@ARTICLE{article:clarke,
	AUTHOR       = {Clarke, D. W.},
	DATE         = {1984},
	JOURNALTITLE = {Transactions of the Institute of Measurement and Control},
	PAGES        = {305},
	TITLE        = {PID algorithms and their computer implementation},
	VOLUME       = {6},
}

@ARTICLE{article:martins,
	AUTHOR       = {MARTINS, FERNANDO G.},
	DATE         = {2005},
	JOURNALTITLE = {IJEE},
	NUMBER       = {3},
	TITLE        = {Tuning PID Controllers using the ITAE Criterion},
	VOLUME       = {21},
}

@BOOK{book:meriam,
	AUTHOR    = {Meriam, James L. and Kraige, L. G.},
	PUBLISHER = {John Wiley \& Sons},
	DATE      = {2012},
	TITLE     = {Engineering Mechanics: Dynamics},
}
