%% LaTeX2e file `test.bib'
%% generated by the `filecontents' environment
%% from source `document' on 2020/12/05.
%%

@misc{LinkReference1,
  title        = "Link Title",
  author       = "Link Creator(s)",
  howpublished = "\url{https://example.com/}",
}

@misc{Author1,
  author       = "LastName, FirstName",
  howpublished = "\url{mailto:email@example.com}",
}

@article{ArticleReference1,
  author  = "Lastname1, Firstname1 and Lastname2, Firstname2",
  title   = "Article title",
  year    = "Year",
  journal = "Journal name",
  note    = "\url{https://dx.doi.org/...}",
}

